@misc{rf1,
         author =  {Michael R.},
         title = {A discrete level-set topology optimization code written in Matlab.},
         year = 2009,
         month = {December}

    }
@misc{rf2,
         author =  {Moore J.},
         title = {Transtibial prosthesis a foot prosthesis},
         year = 2011,
         month = {May}

    }
@misc{rf3,
         author =  {Otomori M.},
         title = {Matlab code for a level set-based topology optimization method using a reaction diffusion equation.},
         year = 2015,
         month = {March}

    }