@misc{rf1,
         author =  {Challis, V. J.},
         title = {A discrete level-set topology optimization code written in Matlab.},
         year = 2010,
         month = {December}

    }
@misc{rf2,
         author =  {Suresh, K.},
         title = {How is the geometry of a bicycle.},
         year = 2021,
         month = {January}

    }
@misc{rf3,
         author =  {Otomori, M., Yamada, T., Izui, K., & Nishiwaki, S.},
         title = {Matlab code for a level set-based topology optimization method using a reaction diffusion equation.},
         year = 2015,
         month = {March}

    }